@Comment{Encoding: utf8}

@Misc{Ziegl:Lectureson0/1,
  author      = {Günter M. Ziegler},
  title       = {Lectures on 0/1 Polytopes},
  date        = {1999},
  eprint      = {math/9909177v1},
  eprintclass = {math.CO},
  eprinttype  = {arxiv},
  timestamp   = {2017-11-26},
}

@Book{SchicS:Einfuehrungindas,
  author    = {Hermann Schichl and Roland Steinbauer},
  title     = {Einführung in das mathematische Arbeiten},
  date      = {2012},
  edition   = {2},
  publisher = {Springer Spektrum},
  doi       = {10.1007/978-3-642-28646-9},
  timestamp = {2017-11-26},
}

@Article{Zerme:UeberGrenzzahlenund,
  author       = {Ernst Zermelo},
  title        = {Über Grenzzahlen und Mengenbereiche},
  journaltitle = {Fundamenta Mathematicae},
  date         = {1930},
  volume       = {16},
  pages        = {29--47},
  timestamp    = {2017-11-26},
}

@Comment{jabref-meta: databaseType:biblatex;}
